2758 2173
188 96 1145 83 Samedi 8 Aout - Continuation des préparatifs de départ de Pierre - à

258 165 1072 88 Paris pour chercher des provisions. Revenu avec une livre de beurre à 2^f ,40

263 242 166 74 la livre-

189 313 1146 86 Dimanche 9 Aout - Jean venu en moto déjeuner avec nous. Tout le

265 382 1054 81 monde va bien. Il est désolé de ne servir à rien, il offre partout ses

266 453 1125 84 services, il est encore trop tôt, on n'a besoin de personne. Les trains passent

268 525 1075 77 remplis de mobiles habillés. Les canons s'ouvrent par la ceinture. Tous les

263 598 1095 82 trains sont garnis de feuillage, de devises enthousiasmées. Les canons

264 666 1070 80 sont fleuris comme des femmes allant au bal - Quelle ironie qu'ils

262 737 1109 80 tuent des allemands ou des français, est-ce que cette chaire humaine ne

263 806 1102 87 souffrira pas autant que l'autre - Peut-être le vote des femmes obtenu plus

264 878 1030 84 tôt nous aurait-il épargné toutes ces horreurs qui s'apprètent -

286 950 1084 78 Grande nouvelle, ce matin 9 aout, les français sont entrés Mulhouse !

263 1017 1095 85 Les alsaciens dans leur joie ont arraché les poteaux frontiere, c'est un

264 1096 1084 76 grand souffle joyeusement patriotique qui traverse la France, l'

268 1168 1083 73 espoir est partout. Allons nous enfin voir rebriller notre étoile. Un

266 1236 1091 81 immense cortège s'organise et acclame les soldats. Les français

264 1305 1095 80 sont rentrés chez eux et c'est comme tels qu'ils ont été reçus par

266 1381 1059 72 les alsaciens - Les assassinats commis par les allemands

272 1446 1071 79 continuent - Il y a eu un combat très violent à Altkirch

270 1519 1071 78 Alsace - on annonçait de grandes pertes françaises qui, depuis,

264 1591 1069 79 n'ont pas été confirmées, au contraire on annonce tout au plus

260 1668 440 69 100 morts ou blessés.

191 1725 1175 88 Lundi 10 Aout - Je passe ma journée à préparer les affaires de

263 1799 1095 81 Pierre, il part à trois heures pour Paris, il doit diner avec son oncle

255 1868 1103 84 et sa tante Félix et coucher à Paris - Nous n'avons que 6 trains

255 1942 1108 98 par jour, ils ne marchent pas trop mal, quoique s'arretant partout.

1548 106 1153 76 Mardi 11 Aout - Edouard et moi nous prenons le train de 5^h ,43

1622 172 1064 83 pour aller rejoindre Pierre et le conduire à gare de l'Est. Jean se

1630 245 1054 79 joint à nous. Arrivés là on dit qu'il n'y a de train qu'à 1^h -

1622 311 1085 80 Jean et Pierre vont à la faculté se faire vacciner - recommandé à tous

1620 387 1094 75 en ce moment - Ils reviennent à 11^h B^d Diderot, on les avait laissé

1626 453 1092 85 passer les premiers. Après déjeuner Pierre et Jean repartent à la gare de l'Est,

1630 525 1085 84 je n'y retourne pas, il fait une horrible chaleur. Cette séparation est

1618 606 1088 73 dure, mais pas autant que je le croyais, car j'espère qu'il va rester

1621 679 1095 63 au moins un mois à Coulommiers et que je pourrais aller le voir.

1624 741 1088 78 on ne sait rien de la frontière, les journaux censurés. C'est un

1620 814 1088 74 calme menaçant comme avant une tempête, on suppose les trois

1620 882 1076 81 alliés = belge, anglais, français réunis et qu'une grande bataille est

1624 958 1085 77 imminente. Dieu veuille que le sort nous favorise et que tant de

1618 1030 576 73 sacrifices ne soient pas inutiles.

1563 1092 1153 82 Mercredi 12 Aout - Tout est calme, les journaux cherchent

1625 1164 1100 78 des sujets - Ils ne donnent aucune nouvelle bien réelle des troupes - Ils donnent

1628 1236 1086 79 l'énumération des bureaux où l'on pourra avoir des nouvelles des soldats,

1624 1305 1062 82 ces nouvelles se borneront à nous dire s'ils sont tués ou blessés !!!..  [???]!

1626 1381 991 80 L'Autriche rappelle son ambassadeur, ce qui équivaut à nous

1607 1452 425 73 déclarer la guerre -

1570 1516 1152 85 Jeudi 13 Aout - Les allemands ont vendu à la Turquie deux

1620 1594 1064 79 navires qui leur appartenaient et qui erraient dans la Mediterranée

1621 1662 1087 81 sans pouvoir en sortir, ils avaient bombardé fort mollement deux villes

1621 1728 1101 86 algèriennes - Bône et Philippeville - ils bombardaient Port à Mousson -

1618 1799 1083 84 Pas de nouvelle de Pierre. Toute la France attend et espère. Chez

1631 1872 1073 82 M^me Rollot chercher ouvrage pour la Ligue Patriotique des Françaises -

1620 1952 1095 74 Le chômage devient inquietant. Les Journaux sont pleins d'annonces
