2766 2173
1492 96 1210 86 Samedi 25 Juillet 1914 - Des bruits de guerre, beaucoup plus précis que tous ceux

1592 175 1096 72 qu'on a déjà entendus depuis deux ans, circulent; l'Autriche s'entetant à

1586 241 1135 74 déclarer la guerre à la Serbie; la Russie, sa protectrice naturelle, annonce

1593 307 1105 85 qu'elle va mobiliser si on attaque ce petit état - Départ pour Paris en vue

1591 380 1121 85 des examens d'Albert qui ont lieu le 27 (première épreuve du bac). Nous et les

1591 449 403 76 2 bonnes^(1) dinons à Paris

1505 517 1194 89 Dimanche 26. - À la Messe, M^r l'abbé Lenfant^(2), parle en chaire, fort sérieusement d'

1588 595 1104 77 une guerre imminente. - Pierre au "chantier" - Albert travaille - Moi, avec les

1588 661 1126 82 deux bonnes, Marie et Suzanne, sur la Tour Eiffel et au théâtre de la Tour Eiffel-

1584 738 1095 78 Allusions des acteurs à une guerre, nombreux applaudissement - diner à Paris -

1499 804 1182 82 Lundi 27 - Albert à la Sorbonne à 7 heures. Epreuves: Français le matin, latin l'

1596 877 971 82 après-midi - faible espoir - L'Autriche menace Belgrade.

1504 950 961 79 Mardi 28. - Epreuves mathématiques d'Albert - espère encore -

1592 1017 1124 81 L'Allemagne joue le double jeu de rassurer les puissances et d'exciter son alliée

1591 1096 1126 77 l'Autriche; des événements se dégage nettement l'impression qu'elle veut la guerre -

1586 1168 1137 76 Paris est oppressé, angoissé comme lorsqu'on s'attend à un orage - Albert fait son

1584 1232 1126 82 problème de math. avec le fils Dreyfus^(3), il s'aperçoit qu'il est mauvais. Plus d'

1586 1305 1122 83 espoir - Retiré argent du Crédit Lyonnais, impossible déjà de se procurer de

1581 1384 534 67 la monaie - guichets assiégés -

1527 1443 1185 85 Mercredi 29 - Albert n'est pas admissible - l'attitude de l'Allemagne

1592 1518 1084 85 devient de plus en plus énigmatique - le gouvernement fait garder les voies

1593 1591 1139 76 ferrées, car les espions pullulent - les anarchistes et autres sont tranquilles - La

1581 1663 1123 75 Russie mobilise 14 corps d'Armée - L'Allemagne donne à entendre que la

1588 1737 1144 67 sienne va suivre - la guerre a commencé entre la Serbie et l'Autriche -

1591 1797 1131 81 Belgrade est bombardé -En France on s'attend à tout - Paris est calme,

1585 1879 1101 61 il n'espère plus rien, la France s'attend à la mobilisation - M^me Caillaux

1523 1946 1005 72 1 - "les 2 bonnes". Marie ^xxx ? et Suzanne Glod, 2 cousines, luxembourgeoises -

1526 2001 824 42 2 - Curé de S^t Antoine des 15×20 - Par la suite evêque d'Aix -

1529 2026 1168 63 3 - La famille Dreyfus habitait au-dessous de nous Av. Daumesnil, et l'un des fils

1561 2071 560 54 était à peu près de l'âge d'Albert -
