2792 2179
128 59 86 98 1915

220 69 1177 85 11 Mai - Encore des zeppelins sur l'Angleterre, ses victimes - A Paris

300 152 1063 73 mon mari m'a écrit que un soir, étant à son bureau, il entendit crier

316 221 1104 70 "lumière, lumière", mais lui toujours candide et pas curieux continuait

297 284 1080 80 à travailler, enfin les cris tournant aux vociférations, il se leva et

297 359 1090 80 comprit qu'on en voulait à sa lampe électrique, tout était éteint des

300 427 1102 88 zepplins étant signalés; il éteignit sa lampe et les zepplins ne vinrent pas,

307 506 1076 75 pour ça peut-être - Le 9 Mai il y eut une grande offensive qui nous

299 571 1078 76 rendit maitre de Corency - Le Cuirassé "Goliath" (anglais) a été

289 637 1111 82 torpillé aux Dardanelles - Ce coin de la bataille n'est pas brillant pour

289 713 1130 77 nous; les trucs se sont retranchés dans la presqu'île de Galipoli, nous

286 789 1107 64 ne bougeons guère et ils viennent torpiller nos vaisseaux. Les russes

293 854 1089 76 eux-mêmes sont violemment contre attaqués par les allemands dans

295 920 240 76 les Carpathes.

205 980 1191 98 15 Mai - En Italie le ministère Salandra favorable à la guerre donne sa

291 1064 1107 78 démission, les Allemands redressent la tête - La Grèce elle aussi s'agite, il y a

286 1134 1111 81 le parti de la guerre, celui de la neutralité, mais par malheur pour nous

294 1206 1121 80 le roi Constantin, un boche déguisé en Hellène penche du côté où il voudrait

284 1278 1102 80 tomber, du côté de son beau-frère Guillaume, car la reine est Hohenzollern -

290 1344 1090 83 Il court une histoire d'apres laquelle, le roi, ayant enfin compris l'

285 1422 1107 76 intérêt de son pays, était décidé à se mettre du côté de la Triple-Entente,

280 1495 1111 73 lorsqu'une maladie subite l'en empêcha. Et cette maladie était coup

285 1562 1119 81 de poignard ou de révolver allongé par la douce reine à son époux afin

286 1647 1105 68 de l'empêcher de gouvernent, elle a ainsi réussi à ajourner la jonction de

285 1706 1107 83 la Grèce à ceux qui pensent plus pour sa prospérité pour son avenir que l'

288 1777 1069 78 ogre germanique qui n'a qu'un but, celui de tout avaler d'abord,

284 1852 1109 75 surtout les petits états, quitte à rendre après un peu de ce qui serait

283 1924 642 103 tout de même par trop dur à digérer.

1575 111 1172 87 16 Mai - Le roi d'Italie refuse la démission du cabinet Salandra-

1626 186 1100 88 on se bat ferme de Ypres à Arras, les Anglais et nous-mêmes progressons-

1617 259 507 79 grande activité printanière -

1569 320 1178 95 21 Mai - La chambre italienne vote la guerre - Comme on n'entendait

1626 398 1113 83 plus parler de rien au sujet de la demande de Pierre de passer au 1^er [???]

1619 467 1141 89 et que notre fils nous écrivait qu'il partait pour Rodez et de là au front,

1618 538 1124 83 mon mari va trouver le G^al P. et lui explique le cas - Fureur de

1617 616 1139 78 celui-ci qui n'admet pas qu'un régiment refuse un homme à un autre

1624 686 1124 79 et écrit aussitôt .... attendons ! Je suis dans les trousses - Je veux et

1627 750 1127 88 je ne veux pas que cette combinaison réussisse parce qu'elle parait déplaire

1619 824 1137 83 à Pierre, combien peu il fait la part de ses parents là dedans - Plus tard,

1612 895 1142 84 beaucoup plus tard, père à son tour il comprendra ce que nous souffrons -

1627 964 1020 86 quoique j'espère bien qu'il ne traversera pas une pareille épreuve.

1619 1038 1112 81 Enfin, l'eau ne remonte pas son courant, ⟦elle descend⟧, l'affection ne

1615 1107 1112 84 remonte pas, elle descend; toujours la course au Flambeau, il faut en

1615 1176 1135 90 prendre son parti- Albert beaucoup plus fin comprend mieux ce qui

1610 1254 971 76 m'angoisse et ses lettres sont vraiment bien affectueuses -

1576 1318 1131 87 22 Mai - Paul vient annoncer ce matin que Gabrielle a cessé de

1605 1392 1143 82 souffrir - Elle est là sur son lit depuis le mois de 9^bre dernier, elle est

1610 1463 1121 82 morte lentement et ne s'est vue qu'à la fin tout à fait - Nous étions

1612 1531 1132 87 loin d'avoir de la sympathie l'une pour l'autre, affaire de tempé-

1609 1605 1130 86 rament; j'espère qu'elle me pardonne le mal que j'ai pu lui faire,

1617 1677 838 79 comme je lui pardonne celui qu'elle m'a fait.

1618 1744 1130 85 Edouard décide d'envoyer des dépêches aux enfants si cela pouvait

1616 1814 1121 78 leur faire décrocher une permission - Pierre est à Rodez attendant l'

1612 1886 1140 84 ordre de départ, sa dernière lettre l'indique - A onze heures du soir

1617 1956 1141 94 Albert frappe à la porte, il a eu sa permission, est tout joyeux naturellement
