2782 2179
90 99 169 93 (26.11.14)

279 90 1113 87 Belgique, du succés des alliés pour arrêter la ruée des centaines de mille

280 171 1104 82 d'allemands que le Kaiser avait lancés sur Calais afin de bombarder

280 240 365 72 de là l'Angleterre.

192 305 1206 96 30 - Edouard ne rentre pas le 30 au soir, je m'inquiète tout naturellement,

291 397 1080 70 je reçois deux jours après un mot où il m'annonce que son chauffeur,

285 452 1101 80 M^r Juré est tombé malade; reviendront... quand cela ira mieux...

283 529 1098 79 ... charmante perspective: d'un côté tout le tragique de la vie actuelle,

286 599 1055 77 les mauvaises nouvelles des amis, parfois des parents; les morts dont les

279 669 1109 81 nouvelles vous arrivent fort indirectement, heureusement, de temps en temps;

274 738 1104 82 toute cette tristesse de se demander quand cela finira, si Pierre échappera,

276 812 1118 82 si Albert sera pris, ses examens, et cette force de poignet qu'il me faut pour

272 882 1114 79 tenir maintenant ce garçon de 18 ans qui cherche à s'émanciper, que les

282 957 1111 76 études assomment et qui voudrait, lui aussi, vivre sa vie, et, "le chef," mon

278 1022 1119 83 protecteur naturel qui court les chemins, acharné à un devoir imaginaire

279 1158 1113 91 il faut que je reste là à côté d'Albert et que je le fasse marcher, mais

280 1237 1104 81 en ce moment il est boudeur, répondeur, désagréable, brusque dans

274 1307 1119 82 ses paroles, je trouve, à certains indices, qu'il doit me cacher quelque

274 1381 1126 75 chose, sa conscience ne me semble pas tranquille et il doit avoir

276 1445 969 87 quelque chose à cacher pour garder un pareil mutisme.

190 1512 1139 98 3 Décembre - Mon mari me dit revenir samedi soir, sauf ... .

271 1589 827 80 complications aux poumons de son chauffeur.

201 1652 1180 93 5 Décembre - Je suis sur la piste de la mauvaise humeur d'Albert, il a

277 1735 1103 80 manqué plusieurs fois son cours au lycée pour aller où ? Je ne le sais

273 1802 1126 88 avec Jean, et naturellemet il a soin de ne pas nous le dire, donc il fait

274 1867 592 83 mal, il a besoin d'une leçon.

179 1930 1219 110 7 Décembre - J'envoie une dépêche à mon mari afin qu'il vienne

1644 106 1088 75 le soir même. Il arrive très mécontent de ses six kilomètres à pied -

1639 174 1046 80 Je lui explique le cas et Albert reçoit une magistrale volée. Dieu

1640 240 597 78 veuille que cela lui serve de leçon !

1646 309 1088 86 La bataille de Lodz s'est terminée, dit-on brillament, pour les russes... .

1644 382 1056 87 Le communiqué pour le front français est toujours à peu près la

1637 455 1075 83 même chose, petit jeu d'avance et de recul qui demande cependant à

1642 529 1093 78 nos soldats beaucoup de courage, de sang-froid, d'héroïsme même,

1645 596 1088 78 car ils doivent lutter un peu partout dans une boue liquide et il

1644 669 1090 80 en est paraît-il dans l'Argonne qui sont enlisés jusqu'aux épaules,

1646 737 1098 83 il a fallu les dégager à renfort de bras... . Et les communiqués parlent

1647 806 1027 84 de situation sanitaire favorable.... Il ne sont pas difficiles...

1614 871 1129 95 M^elle D. est obligée de partir à Commercy son frère l'appelant par une dépêche

2541 939 181 50 désespérée.

1558 946 1160 90 8 - Edouard repart à midi pour Roissy-en-France, il ne peut me dire

1639 1030 398 72 quand il reviendra.

1552 1082 1162 98 le 6 (?) Nous étions allés à Epinay, Albert et moi et avions déjeuné

1651 1162 1071 87 chez les Chicot, leurs gendres, dont deux sont au front, l'un est blessé

1647 1237 1073 82 au pied, il a même eu deux orteils ou deux doigts gelés sur l'Yser,

1651 1308 898 80 et on ne savait s'il pourrait échapper à l'amputation.

1653 1376 1039 82 Monsieur Menu est au feu, sa femma ne paraît par trop triste.

1647 1446 1088 84 Nous sommes allés voir les tranchées qu'on a fait près de leur maison,

1653 1519 1090 81 il y en a depuis le fond de leur jardin jusque dans la plaine, assez loin,

1648 1585 1102 89 dans la direction de Balainvilliers; elles sont fort bien faites avec chambres

1652 1657 1070 88 de repos, clayonnages pour retenir les terres, car étant dans le sable,

1652 1727 1086 86 elles ne tiennent pas, canivaux pour laiser couler l'eau. Les terri-

1644 1798 1072 86 toriaux qui y travaillent se plaignent que depuis 4 mois ils font ce

1650 1870 1038 87 métier là. Il y en a un de la classe 1889 qui a deux fils au front.

1652 1941 1029 96 (depuis, ces deux classes, 88 et 89, ont été je crois renvoyées dans leurs foyers)
